@article{blumer1987occam,
  title={Occam's razor},
  author={Blumer, Anselm and Ehrenfeucht, Andrzej and Haussler, David and Warmuth, Manfred K},
  journal={Information processing letters},
  volume={24},
  number={6},
  pages={377--380},
  year={1987},
  publisher={Elsevier}
}

@article{blumer1989learnability,
  title={Learnability and the Vapnik-Chervonenkis dimension},
  author={Blumer, Anselm and Ehrenfeucht, Andrzej and Haussler, David and Warmuth, Manfred K},
  journal={Journal of the ACM (JACM)},
  volume={36},
  year={1989},
}